%
%
@article{doi:10.1143/JPSJ.77.114701,
author = { Daisuke Tahara and  Masatoshi Imada},
title = {Variational Monte Carlo Method Combined with Quantum-Number Projection and Multi-Variable Optimization},
journal = {Journal of the Physical Society of Japan},
volume = {77},
number = {11},
pages = {114701},
year = {2008},
doi = {10.1143/JPSJ.77.114701},

URL = { 
        http://dx.doi.org/10.1143/JPSJ.77.114701
    
},
eprint = { 
        http://dx.doi.org/10.1143/JPSJ.77.114701    
}
}
%
%
@article{Imada1986,
author = { Masatoshi Imada and  Minoru Takahashi},
title = {Quantum Transfer Monte Carlo Method for Finite Temperature Properties and Quantum Molecular Dynamics Method for Dynamical Correlation Functions},
journal = {Journal of the Physical Society of Japan},
volume = {55},
number = {10},
pages = {3354-3361},
year = {1986},
doi = {10.1143/JPSJ.55.3354},
URL = {http://dx.doi.org/10.1143/JPSJ.55.3354},
eprint = {http://dx.doi.org/10.1143/JPSJ.55.3354}
}
%
%
@article{ncomms6738,
  title = {Superconductivity and its mechanism in an ab initio model for electron-doped LaFeAsO},
  author = {Misawa, Takahiro and Imada, Masatoshi},
  journal = {Nat Commun},
  volume = {5},
  issue = {},
  pages = {5738},
  numpages = {4},
  year = {2014},
  month = {Dec},
  publisher = {Nature Publishing Group, a division of Macmillan Publishers Limited. All Rights Reserved.},
  doi = {10.1038/ncomms6738},
  url = {http://dx.doi.org/10.1038/ncomms6738},
}
%
%
@book{SugiharaMurota,
  title={線形計算の数理},
  author = {杉原正顯 and 室田一雄},
  isbn={9784000075565},
  series={岩波数学叢書},
  year={2009},
  publisher={岩波書店}
}
%
%
@book{SugiharaMurota_en,
  title={Theoretical Numerical Linear Algebra},
  author = {Sugihara, Masaaki and Murota, Kazuo},
  isbn={9784000075565},
  series={Iwanami Studies in Advanced Mathematics},
  year={2009},
  publisher={Iwanami Shoten, Publishers}
}

@misc{titpack,
note={~http://www.stat.phys.titech.ac.jp/~nishimori/titpack2\_new/index-e.html}
}

@misc{Mutsuo2008,
note={~http://www.math.sci.hiroshima-u.ac.jp/~m-mat/MT/SFMT}
}